@Book{xie2015,
  title = {Dynamic Documents with {R} and knitr},
  author = {Yihui Xie},
  publisher = {Chapman and Hall/CRC},
  address = {Boca Raton, Florida},
  year = {2015},
  edition = {2nd},
  note = {ISBN 978-1498716963},
  url = {http://yihui.org/knitr/},
}
@Manual{base,
  title = {{R} pour les débutants},
  author = {Emmanuel Paradis},
  year = {2005},
  url = {https://cran.r-project.org/doc/contrib/Paradis-rdebuts_fr.pdf},
}
@Book{lm_simple,
  title = {Régression Théorie et applications},
  author = {Pierre-André Cornillon et Éric Matzner-Løber},
  publisher = {Springer-Verlag},
  address = {France, Paris},
  year = {2007},
  note = {ISBN-10 : 2-287-39692-6 Springer Paris Berlin Heidelberg New York}
}
